@article{manual,
  title   = {Lab Manual},
  author  = {SPS},
  note    = {\url{https://www.niser.ac.in/sps/sites/default/files/3-a-full%20wave%20rectifier.pdf}},
  year    = {2023},
  journal = {Website}
}