@article{manual,
  title   = {Lab Manual},
  author  = {SPS},
  note    = {\url{https://www.niser.ac.in/sps/sites/default/files/2-a-diode%20characteristics.pdf}},
  year    = {2023},
  journal = {Website}
}