@article{manual,
  title   = {Lab Manual},
  author  = {SPS},
  note    = {\url{https://www.niser.ac.in/sps/sites/default/files/5-study%20of%20lcr%20resonant%20circuit.pdf}},
  year    = {2023},
  journal = {Website}
}