@article{manual,
  title   = {Lab Manual},
  author  = {SPS},
  note    = {\url{https://www.niser.ac.in/sps/sites/default/files/4_Dielectric%20Constant%20of%20different%20materials.pdf}},
  year    = {2023},
  journal = {Website}
}

@article{manual2,
  title   = {Introduction to Solid State Physics },
  author  = {C. Kittel},
  year    = {2005},
  journal = {8th edition}
}