@article{manual,
  title   = {Lab Manual},
  author  = {SPS},
  note    = {\url{https://www.niser.ac.in/sps/sites/default/files/4-filtering%20and%20phase%20shifting%20networks.pdf}},
  year    = {2023},
  journal = {Website}
}

@article{res1,
  title   = {Passive Filters},
  author  = {Electronics Tutorials},
  note    = {\url{https://www.electronics-tutorials.ws/filter/filter_2.html}},
  year    = {2023},
  journal = {Website}
}