@article{manual,
  title   = {Lab Manual},
  author  = {SPS},
  note    = {\url{https://www.niser.ac.in/sps/sites/default/files/2_Young's%20modulus%20by%20Cornu's%20method.pdf}},
  year    = {2023},
  journal = {Website}
}