@article{manual,
  title   = {Lab Manual},
  author  = {SPS},
  note    = {\url{https://www.niser.ac.in/sps/sites/default/files/3_Magnetic%20susceptibility%20of%20a%20paramagnetic%20material%20by%20Quincke's%20method.pdf}},
  year    = {2023},
  journal = {Website}
}

@article{manual2,
  title   = {Determination of Magnetic Susceptibility by Quinckeâ€™s Method},
  author  = {Shubham Dutta, Aranyo Mitra},
  note    = {\url{https://www.researchgate.net/profile/Shubham_Dutta3/publication/308983019_Determination_of_Magnetic_Susceptibility_by_Quincke's_Method/links/580e47de08aef766ef10e2dc/Determination-of-Magnetic-Susceptibility-by-Quinckes-Method.pdf}},
  year    = {2013},
  journal = {Website}
}